@article{lowe04distinctive,
	Author = {Lowe, D. G.},
	Journal = {International Journal of Computer Vision},
	Number = {60},
	Pages = {91--110},
	Title = {Distinctive Image Features from Scale-Invariant Keypoints},
	Volume = {2},
	Year = {2004}
}
